@misc{WikipediaEN:bklogo,
    author = {{Wikipedia, the free encyclopedia}},
    title = {{Burger King Logo}},
    year = {2017},
    note = {[DostÄ™p zdalny: 18.03.2020]},
    url = {https://en.wikipedia.org/wiki/File:Burger_King_Logo.svg}
}